%YAML 1.1
%TAG !u! tag:unity3d.com,2011:
--- !u!1 &124562
GameObject:
  m_ObjectHideFlags: 0
  m_PrefabParentObject: {fileID: 0}
  m_PrefabInternal: {fileID: 100100000}
  serializedVersion: 4
  m_Component:
  - 4: {fileID: 426512}
  - 137: {fileID: 13744248}
  m_Layer: 8
  m_Name: Nose
  m_TagString: Untagged
  m_Icon: {fileID: 0}
  m_NavMeshLayer: 0
  m_StaticEditorFlags: 0
  m_IsActive: 1
--- !u!1 &126728
GameObject:
  m_ObjectHideFlags: 1
  m_PrefabParentObject: {fileID: 0}
  m_PrefabInternal: {fileID: 100100000}
  serializedVersion: 4
  m_Component:
  - 4: {fileID: 443640}
  m_Layer: 8
  m_Name: Tail05
  m_TagString: Untagged
  m_Icon: {fileID: 0}
  m_NavMeshLayer: 0
  m_StaticEditorFlags: 0
  m_IsActive: 1
--- !u!1 &130348
GameObject:
  m_ObjectHideFlags: 0
  m_PrefabParentObject: {fileID: 0}
  m_PrefabInternal: {fileID: 100100000}
  serializedVersion: 4
  m_Component:
  - 4: {fileID: 481786}
  - 95: {fileID: 9568662}
  - 114: {fileID: 11436826}
  - 65: {fileID: 6544792}
  - 54: {fileID: 5413510}
  m_Layer: 8
  m_Name: ScaredyCat
  m_TagString: Untagged
  m_Icon: {fileID: 0}
  m_NavMeshLayer: 0
  m_StaticEditorFlags: 0
  m_IsActive: 1
--- !u!1 &130378
GameObject:
  m_ObjectHideFlags: 0
  m_PrefabParentObject: {fileID: 0}
  m_PrefabInternal: {fileID: 100100000}
  serializedVersion: 4
  m_Component:
  - 4: {fileID: 431174}
  - 137: {fileID: 13765312}
  m_Layer: 8
  m_Name: Body
  m_TagString: Untagged
  m_Icon: {fileID: 0}
  m_NavMeshLayer: 0
  m_StaticEditorFlags: 0
  m_IsActive: 1
--- !u!1 &140904
GameObject:
  m_ObjectHideFlags: 1
  m_PrefabParentObject: {fileID: 0}
  m_PrefabInternal: {fileID: 100100000}
  serializedVersion: 4
  m_Component:
  - 4: {fileID: 453830}
  m_Layer: 8
  m_Name: Head
  m_TagString: Untagged
  m_Icon: {fileID: 0}
  m_NavMeshLayer: 0
  m_StaticEditorFlags: 0
  m_IsActive: 1
--- !u!1 &158276
GameObject:
  m_ObjectHideFlags: 1
  m_PrefabParentObject: {fileID: 0}
  m_PrefabInternal: {fileID: 100100000}
  serializedVersion: 4
  m_Component:
  - 4: {fileID: 499776}
  m_Layer: 8
  m_Name: Tail02
  m_TagString: Untagged
  m_Icon: {fileID: 0}
  m_NavMeshLayer: 0
  m_StaticEditorFlags: 0
  m_IsActive: 1
--- !u!1 &164098
GameObject:
  m_ObjectHideFlags: 1
  m_PrefabParentObject: {fileID: 0}
  m_PrefabInternal: {fileID: 100100000}
  serializedVersion: 4
  m_Component:
  - 4: {fileID: 401206}
  m_Layer: 8
  m_Name: Tail01
  m_TagString: Untagged
  m_Icon: {fileID: 0}
  m_NavMeshLayer: 0
  m_StaticEditorFlags: 0
  m_IsActive: 1
--- !u!1 &166698
GameObject:
  m_ObjectHideFlags: 1
  m_PrefabParentObject: {fileID: 0}
  m_PrefabInternal: {fileID: 100100000}
  serializedVersion: 4
  m_Component:
  - 4: {fileID: 412778}
  m_Layer: 8
  m_Name: Body 1
  m_TagString: Untagged
  m_Icon: {fileID: 0}
  m_NavMeshLayer: 0
  m_StaticEditorFlags: 0
  m_IsActive: 1
--- !u!1 &169766
GameObject:
  m_ObjectHideFlags: 1
  m_PrefabParentObject: {fileID: 0}
  m_PrefabInternal: {fileID: 100100000}
  serializedVersion: 4
  m_Component:
  - 4: {fileID: 466748}
  m_Layer: 8
  m_Name: Base
  m_TagString: Untagged
  m_Icon: {fileID: 0}
  m_NavMeshLayer: 0
  m_StaticEditorFlags: 0
  m_IsActive: 1
--- !u!1 &170472
GameObject:
  m_ObjectHideFlags: 1
  m_PrefabParentObject: {fileID: 0}
  m_PrefabInternal: {fileID: 100100000}
  serializedVersion: 4
  m_Component:
  - 4: {fileID: 410002}
  m_Layer: 8
  m_Name: Tail04
  m_TagString: Untagged
  m_Icon: {fileID: 0}
  m_NavMeshLayer: 0
  m_StaticEditorFlags: 0
  m_IsActive: 1
--- !u!1 &173058
GameObject:
  m_ObjectHideFlags: 1
  m_PrefabParentObject: {fileID: 0}
  m_PrefabInternal: {fileID: 100100000}
  serializedVersion: 4
  m_Component:
  - 4: {fileID: 452456}
  m_Layer: 8
  m_Name: Tail03
  m_TagString: Untagged
  m_Icon: {fileID: 0}
  m_NavMeshLayer: 0
  m_StaticEditorFlags: 0
  m_IsActive: 1
--- !u!1 &173242
GameObject:
  m_ObjectHideFlags: 1
  m_PrefabParentObject: {fileID: 0}
  m_PrefabInternal: {fileID: 100100000}
  serializedVersion: 4
  m_Component:
  - 4: {fileID: 407504}
  - 137: {fileID: 13773356}
  m_Layer: 8
  m_Name: Pupils
  m_TagString: Untagged
  m_Icon: {fileID: 0}
  m_NavMeshLayer: 0
  m_StaticEditorFlags: 0
  m_IsActive: 1
--- !u!1 &174126
GameObject:
  m_ObjectHideFlags: 1
  m_PrefabParentObject: {fileID: 0}
  m_PrefabInternal: {fileID: 100100000}
  serializedVersion: 4
  m_Component:
  - 4: {fileID: 488018}
  m_Layer: 8
  m_Name: Neck
  m_TagString: Untagged
  m_Icon: {fileID: 0}
  m_NavMeshLayer: 0
  m_StaticEditorFlags: 0
  m_IsActive: 1
--- !u!1 &190476
GameObject:
  m_ObjectHideFlags: 0
  m_PrefabParentObject: {fileID: 0}
  m_PrefabInternal: {fileID: 100100000}
  serializedVersion: 4
  m_Component:
  - 4: {fileID: 469774}
  m_Layer: 8
  m_Name: Root
  m_TagString: Untagged
  m_Icon: {fileID: 0}
  m_NavMeshLayer: 0
  m_StaticEditorFlags: 0
  m_IsActive: 1
--- !u!1 &197388
GameObject:
  m_ObjectHideFlags: 0
  m_PrefabParentObject: {fileID: 0}
  m_PrefabInternal: {fileID: 100100000}
  serializedVersion: 4
  m_Component:
  - 4: {fileID: 461670}
  - 137: {fileID: 13708816}
  m_Layer: 8
  m_Name: Eyes
  m_TagString: Untagged
  m_Icon: {fileID: 0}
  m_NavMeshLayer: 0
  m_StaticEditorFlags: 0
  m_IsActive: 1
--- !u!4 &401206
Transform:
  m_ObjectHideFlags: 1
  m_PrefabParentObject: {fileID: 0}
  m_PrefabInternal: {fileID: 100100000}
  m_GameObject: {fileID: 164098}
  m_LocalRotation: {x: -1.05282754e-17, y: -2.1202914e-17, z: 0.8420674, w: 0.5393723}
  m_LocalPosition: {x: 0.008431119, y: -0.18080193, z: -0.14840324}
  m_LocalScale: {x: 1, y: 1, z: 1}
  m_LocalEulerAnglesHint: {x: 0, y: 0, z: 114.718094}
  m_Children:
  - {fileID: 499776}
  m_Father: {fileID: 466748}
  m_RootOrder: 1
--- !u!4 &407504
Transform:
  m_ObjectHideFlags: 1
  m_PrefabParentObject: {fileID: 0}
  m_PrefabInternal: {fileID: 100100000}
  m_GameObject: {fileID: 173242}
  m_LocalRotation: {x: 0, y: 0, z: 0, w: 1}
  m_LocalPosition: {x: 0, y: 0, z: 0}
  m_LocalScale: {x: 1, y: 1, z: 1}
  m_LocalEulerAnglesHint: {x: 0, y: 0, z: 0}
  m_Children: []
  m_Father: {fileID: 461670}
  m_RootOrder: 0
--- !u!4 &410002
Transform:
  m_ObjectHideFlags: 1
  m_PrefabParentObject: {fileID: 0}
  m_PrefabInternal: {fileID: 100100000}
  m_GameObject: {fileID: 170472}
  m_LocalRotation: {x: -2.1975e-40, y: -3.8750733e-32, z: 0.10969381, w: 0.99396545}
  m_LocalPosition: {x: -0.13623929, y: -8.2363816e-17, z: -0.02154855}
  m_LocalScale: {x: 1, y: 1, z: 1}
  m_LocalEulerAnglesHint: {x: 0, y: 0, z: 12.5953}
  m_Children:
  - {fileID: 443640}
  m_Father: {fileID: 452456}
  m_RootOrder: 0
--- !u!4 &412778
Transform:
  m_ObjectHideFlags: 1
  m_PrefabParentObject: {fileID: 0}
  m_PrefabInternal: {fileID: 100100000}
  m_GameObject: {fileID: 166698}
  m_LocalRotation: {x: -1.468755e-29, y: -6.806661e-19, z: 0.0029466057, w: 0.99999565}
  m_LocalPosition: {x: -0.14044079, y: -2.4033552e-15, z: -9.930241e-20}
  m_LocalScale: {x: 1, y: 1, z: 1}
  m_LocalEulerAnglesHint: {x: 0, y: 0, z: 0.33769998}
  m_Children:
  - {fileID: 488018}
  m_Father: {fileID: 466748}
  m_RootOrder: 0
--- !u!4 &426512
Transform:
  m_ObjectHideFlags: 1
  m_PrefabParentObject: {fileID: 0}
  m_PrefabInternal: {fileID: 100100000}
  m_GameObject: {fileID: 124562}
  m_LocalRotation: {x: 0, y: 0, z: 0, w: 1}
  m_LocalPosition: {x: 0, y: 0, z: 0}
  m_LocalScale: {x: 1, y: 1, z: 1}
  m_LocalEulerAnglesHint: {x: 0, y: 0, z: 0}
  m_Children: []
  m_Father: {fileID: 481786}
  m_RootOrder: 2
--- !u!4 &431174
Transform:
  m_ObjectHideFlags: 1
  m_PrefabParentObject: {fileID: 0}
  m_PrefabInternal: {fileID: 100100000}
  m_GameObject: {fileID: 130378}
  m_LocalRotation: {x: 0, y: 0, z: 0, w: 1}
  m_LocalPosition: {x: 0, y: 0, z: 0}
  m_LocalScale: {x: 1, y: 1, z: 1}
  m_LocalEulerAnglesHint: {x: 0, y: 0, z: 0}
  m_Children: []
  m_Father: {fileID: 481786}
  m_RootOrder: 0
--- !u!4 &443640
Transform:
  m_ObjectHideFlags: 1
  m_PrefabParentObject: {fileID: 0}
  m_PrefabInternal: {fileID: 100100000}
  m_GameObject: {fileID: 126728}
  m_LocalRotation: {x: -0.37331316, y: 0.60053086, z: 0.37331316, w: 0.60053086}
  m_LocalPosition: {x: -0.07680341, y: -1.0658141e-16, z: -0.007341147}
  m_LocalScale: {x: 1, y: 1, z: 1}
  m_LocalEulerAnglesHint: {x: -63.7334, y: 90, z: 0}
  m_Children: []
  m_Father: {fileID: 410002}
  m_RootOrder: 0
--- !u!4 &452456
Transform:
  m_ObjectHideFlags: 1
  m_PrefabParentObject: {fileID: 0}
  m_PrefabInternal: {fileID: 100100000}
  m_GameObject: {fileID: 173058}
  m_LocalRotation: {x: -2.18503e-40, y: 1.574472e-32, z: -0.39333043, w: 0.91939723}
  m_LocalPosition: {x: -0.07333438, y: -6.501154e-18, z: -0.0412127}
  m_LocalScale: {x: 1, y: 1, z: 1}
  m_LocalEulerAnglesHint: {x: 0, y: 0, z: -46.3238}
  m_Children:
  - {fileID: 410002}
  m_Father: {fileID: 499776}
  m_RootOrder: 0
--- !u!4 &453830
Transform:
  m_ObjectHideFlags: 1
  m_PrefabParentObject: {fileID: 0}
  m_PrefabInternal: {fileID: 100100000}
  m_GameObject: {fileID: 140904}
  m_LocalRotation: {x: 0.7345793, y: -0.27034596, z: 0.33779925, w: 0.5226834}
  m_LocalPosition: {x: -0.063663565, y: 4.1633363e-17, z: -5.414195e-19}
  m_LocalScale: {x: 1, y: 1, z: 1}
  m_LocalEulerAnglesHint: {x: 71.906296, y: 136.5288, z: -171.84459}
  m_Children: []
  m_Father: {fileID: 488018}
  m_RootOrder: 0
--- !u!4 &461670
Transform:
  m_ObjectHideFlags: 1
  m_PrefabParentObject: {fileID: 0}
  m_PrefabInternal: {fileID: 100100000}
  m_GameObject: {fileID: 197388}
  m_LocalRotation: {x: 0, y: 0, z: 0, w: 1}
  m_LocalPosition: {x: 0, y: 0, z: 0}
  m_LocalScale: {x: 1, y: 1, z: 1}
  m_LocalEulerAnglesHint: {x: 0, y: 0, z: 0}
  m_Children:
  - {fileID: 407504}
  m_Father: {fileID: 481786}
  m_RootOrder: 1
--- !u!4 &466748
Transform:
  m_ObjectHideFlags: 1
  m_PrefabParentObject: {fileID: 0}
  m_PrefabInternal: {fileID: 100100000}
  m_GameObject: {fileID: 169766}
  m_LocalRotation: {x: -3.7247563e-29, y: -3.5354015e-19, z: 0.0031844066, w: 0.99999493}
  m_LocalPosition: {x: -0.14043224, y: 1.9428903e-18, z: 2.1570415e-34}
  m_LocalScale: {x: 1, y: 1, z: 1}
  m_LocalEulerAnglesHint: {x: 0, y: 0, z: 0.3649}
  m_Children:
  - {fileID: 412778}
  - {fileID: 401206}
  m_Father: {fileID: 469774}
  m_RootOrder: 0
--- !u!4 &469774
Transform:
  m_ObjectHideFlags: 1
  m_PrefabParentObject: {fileID: 0}
  m_PrefabInternal: {fileID: 100100000}
  m_GameObject: {fileID: 190476}
  m_LocalRotation: {x: 0.49840513, y: -0.5015898, z: -0.49840513, w: 0.5015898}
  m_LocalPosition: {x: -0, y: -0.0017655614, z: -0.0073443}
  m_LocalScale: {x: 1, y: 1, z: 1}
  m_LocalEulerAnglesHint: {x: 0, y: -90, z: -89.6351}
  m_Children:
  - {fileID: 466748}
  m_Father: {fileID: 481786}
  m_RootOrder: 3
--- !u!4 &481786
Transform:
  m_ObjectHideFlags: 1
  m_PrefabParentObject: {fileID: 0}
  m_PrefabInternal: {fileID: 100100000}
  m_GameObject: {fileID: 130348}
  m_LocalRotation: {x: 0, y: 0, z: 0, w: 1}
  m_LocalPosition: {x: 3.113, y: 1.015, z: -5.067}
  m_LocalScale: {x: 1, y: 1, z: 1}
  m_LocalEulerAnglesHint: {x: 0, y: 0, z: 0}
  m_Children:
  - {fileID: 431174}
  - {fileID: 461670}
  - {fileID: 426512}
  - {fileID: 469774}
  m_Father: {fileID: 0}
  m_RootOrder: 0
--- !u!4 &488018
Transform:
  m_ObjectHideFlags: 1
  m_PrefabParentObject: {fileID: 0}
  m_PrefabInternal: {fileID: 100100000}
  m_GameObject: {fileID: 174126}
  m_LocalRotation: {x: 0.99901146, y: -0.044454273, z: -6.970029e-18, w: 6.0982786e-17}
  m_LocalPosition: {x: -0.14403221, y: -2.4674707e-15, z: -1.9607483e-19}
  m_LocalScale: {x: 1, y: 1, z: 1}
  m_LocalEulerAnglesHint: {x: 0, y: -180, z: -174.90419}
  m_Children:
  - {fileID: 453830}
  m_Father: {fileID: 412778}
  m_RootOrder: 0
--- !u!4 &499776
Transform:
  m_ObjectHideFlags: 1
  m_PrefabParentObject: {fileID: 0}
  m_PrefabInternal: {fileID: 100100000}
  m_GameObject: {fileID: 158276}
  m_LocalRotation: {x: -1.6663e-41, y: 3.797623e-33, z: -0.46525097, w: 0.88517886}
  m_LocalPosition: {x: -0.14363171, y: -8.881784e-18, z: -0.029525144}
  m_LocalScale: {x: 1, y: 1, z: 1}
  m_LocalEulerAnglesHint: {x: 0, y: 0, z: -55.4529}
  m_Children:
  - {fileID: 452456}
  m_Father: {fileID: 401206}
  m_RootOrder: 0
--- !u!54 &5413510
Rigidbody:
  m_ObjectHideFlags: 1
  m_PrefabParentObject: {fileID: 0}
  m_PrefabInternal: {fileID: 100100000}
  m_GameObject: {fileID: 130348}
  serializedVersion: 2
  m_Mass: 1
  m_Drag: 0
  m_AngularDrag: 0.05
  m_UseGravity: 1
  m_IsKinematic: 0
  m_Interpolate: 0
  m_Constraints: 112
  m_CollisionDetection: 0
--- !u!65 &6544792
BoxCollider:
  m_ObjectHideFlags: 1
  m_PrefabParentObject: {fileID: 0}
  m_PrefabInternal: {fileID: 100100000}
  m_GameObject: {fileID: 130348}
  m_Material: {fileID: 0}
  m_IsTrigger: 0
  m_Enabled: 1
  serializedVersion: 2
  m_Size: {x: 0.3798077, y: 0.61359787, z: 0.3846786}
  m_Center: {x: -0.006493807, y: 0.29710758, z: -0.012176037}
--- !u!95 &9568662
Animator:
  serializedVersion: 3
  m_ObjectHideFlags: 1
  m_PrefabParentObject: {fileID: 0}
  m_PrefabInternal: {fileID: 100100000}
  m_GameObject: {fileID: 130348}
  m_Enabled: 1
  m_Avatar: {fileID: 9000000, guid: c6dfab70376a646e28b9cb4305738f20, type: 3}
  m_Controller: {fileID: 9100000, guid: 93981b22b01f0470da2b8f9d47d87b57, type: 2}
  m_CullingMode: 1
  m_UpdateMode: 0
  m_ApplyRootMotion: 0
  m_LinearVelocityBlending: 0
  m_WarningMessage: 
  m_HasTransformHierarchy: 1
  m_AllowConstantClipSamplingOptimization: 1
--- !u!114 &11436826
MonoBehaviour:
  m_ObjectHideFlags: 1
  m_PrefabParentObject: {fileID: 0}
  m_PrefabInternal: {fileID: 100100000}
  m_GameObject: {fileID: 130348}
  m_Enabled: 1
  m_EditorHideFlags: 0
  m_Script: {fileID: 11500000, guid: a1d590b1aad434a92b29f8c42c4e4d60, type: 3}
  m_Name: 
  m_EditorClassIdentifier: 
  CurrencyParticle: {fileID: 144816, guid: ed079806728cc485784d66d7223f095a, type: 2}
  catSounds:
  - {fileID: 8300000, guid: 5ee2bd0139567ef46a6bbfbff0e9156b, type: 3}
  - {fileID: 8300000, guid: 0911d142f5f2b49458dfd6b350d9de94, type: 3}
  - {fileID: 8300000, guid: f6cb65f2832c336438faee2597ed0cc8, type: 3}
  catHissingSounds:
  - {fileID: 8300000, guid: f987bc33b23ab404a84d6875b0bcf565, type: 3}
  - {fileID: 8300000, guid: 24ad3374943891f4aa6e36349bed7508, type: 3}
  coinSound: {fileID: 8300000, guid: 67088c875772617449b9caeb01d1ddfe, type: 3}
  collisionLayers:
    serializedVersion: 2
    m_Bits: 513
  mergeLayers:
    serializedVersion: 2
    m_Bits: 256
--- !u!137 &13708816
SkinnedMeshRenderer:
  m_ObjectHideFlags: 1
  m_PrefabParentObject: {fileID: 0}
  m_PrefabInternal: {fileID: 100100000}
  m_GameObject: {fileID: 197388}
  m_Enabled: 1
  m_CastShadows: 1
  m_ReceiveShadows: 1
  m_MotionVectors: 1
  m_LightProbeUsage: 1
  m_ReflectionProbeUsage: 1
  m_Materials:
  - {fileID: 2100000, guid: 7ea8eeec3156a4a0fa38a5ab2ed22547, type: 2}
  m_SubsetIndices: 
  m_StaticBatchRoot: {fileID: 0}
  m_ProbeAnchor: {fileID: 0}
  m_LightProbeVolumeOverride: {fileID: 0}
  m_ScaleInLightmap: 1
  m_PreserveUVs: 0
  m_IgnoreNormalsForChartDetection: 0
  m_ImportantGI: 0
  m_SelectedWireframeHidden: 0
  m_MinimumChartSize: 4
  m_AutoUVMaxDistance: 0.5
  m_AutoUVMaxAngle: 89
  m_LightmapParameters: {fileID: 0}
  m_SortingLayerID: 0
  m_SortingOrder: 0
  serializedVersion: 2
  m_Quality: 0
  m_UpdateWhenOffscreen: 0
  m_SkinnedMotionVectors: 1
  m_Mesh: {fileID: 4300002, guid: c6dfab70376a646e28b9cb4305738f20, type: 3}
  m_Bones:
  - {fileID: 488018}
  - {fileID: 453830}
  m_BlendShapeWeights: []
  m_RootBone: {fileID: 488018}
  m_AABB:
    m_Center: {x: -0.2523293, y: -0.018732995, z: -0.17621669}
    m_Extent: {x: 0.13539094, y: 0.22269095, z: 0.13159299}
  m_DirtyAABB: 0
--- !u!137 &13744248
SkinnedMeshRenderer:
  m_ObjectHideFlags: 1
  m_PrefabParentObject: {fileID: 0}
  m_PrefabInternal: {fileID: 100100000}
  m_GameObject: {fileID: 124562}
  m_Enabled: 1
  m_CastShadows: 1
  m_ReceiveShadows: 1
  m_MotionVectors: 1
  m_LightProbeUsage: 1
  m_ReflectionProbeUsage: 1
  m_Materials:
  - {fileID: 2100000, guid: 16672f6722dc64c35888bbc3a120b816, type: 2}
  m_SubsetIndices: 
  m_StaticBatchRoot: {fileID: 0}
  m_ProbeAnchor: {fileID: 0}
  m_LightProbeVolumeOverride: {fileID: 0}
  m_ScaleInLightmap: 1
  m_PreserveUVs: 0
  m_IgnoreNormalsForChartDetection: 0
  m_ImportantGI: 0
  m_SelectedWireframeHidden: 0
  m_MinimumChartSize: 4
  m_AutoUVMaxDistance: 0.5
  m_AutoUVMaxAngle: 89
  m_LightmapParameters: {fileID: 0}
  m_SortingLayerID: 0
  m_SortingOrder: 0
  serializedVersion: 2
  m_Quality: 0
  m_UpdateWhenOffscreen: 0
  m_SkinnedMotionVectors: 1
  m_Mesh: {fileID: 4300006, guid: c6dfab70376a646e28b9cb4305738f20, type: 3}
  m_Bones:
  - {fileID: 412778}
  - {fileID: 488018}
  - {fileID: 453830}
  m_BlendShapeWeights: []
  m_RootBone: {fileID: 412778}
  m_AABB:
    m_Center: {x: -0.3738741, y: 0.004968703, z: 0.22309247}
    m_Extent: {x: 0.06180492, y: 0.070775345, z: 0.056743443}
  m_DirtyAABB: 0
--- !u!137 &13765312
SkinnedMeshRenderer:
  m_ObjectHideFlags: 1
  m_PrefabParentObject: {fileID: 0}
  m_PrefabInternal: {fileID: 100100000}
  m_GameObject: {fileID: 130378}
  m_Enabled: 1
  m_CastShadows: 1
  m_ReceiveShadows: 1
  m_MotionVectors: 1
  m_LightProbeUsage: 1
  m_ReflectionProbeUsage: 1
  m_Materials:
  - {fileID: 2100000, guid: beb1c604d25c041ec8f7ce73e0b4b6cd, type: 2}
  m_SubsetIndices: 
  m_StaticBatchRoot: {fileID: 0}
  m_ProbeAnchor: {fileID: 0}
  m_LightProbeVolumeOverride: {fileID: 0}
  m_ScaleInLightmap: 1
  m_PreserveUVs: 0
  m_IgnoreNormalsForChartDetection: 0
  m_ImportantGI: 0
  m_SelectedWireframeHidden: 0
  m_MinimumChartSize: 4
  m_AutoUVMaxDistance: 0.5
  m_AutoUVMaxAngle: 89
  m_LightmapParameters: {fileID: 0}
  m_SortingLayerID: 0
  m_SortingOrder: 0
  serializedVersion: 2
  m_Quality: 0
  m_UpdateWhenOffscreen: 0
  m_SkinnedMotionVectors: 1
  m_Mesh: {fileID: 4300000, guid: c6dfab70376a646e28b9cb4305738f20, type: 3}
  m_Bones:
  - {fileID: 469774}
  - {fileID: 466748}
  - {fileID: 412778}
  - {fileID: 488018}
  - {fileID: 453830}
  - {fileID: 401206}
  - {fileID: 499776}
  - {fileID: 452456}
  - {fileID: 410002}
  - {fileID: 443640}
  m_BlendShapeWeights: []
  m_RootBone: {fileID: 469774}
  m_AABB:
    m_Center: {x: -0.458968, y: -0.04278426, z: 0.020644754}
    m_Extent: {x: 0.49957582, y: 0.46813983, z: 0.33735543}
  m_DirtyAABB: 0
--- !u!137 &13773356
SkinnedMeshRenderer:
  m_ObjectHideFlags: 1
  m_PrefabParentObject: {fileID: 0}
  m_PrefabInternal: {fileID: 100100000}
  m_GameObject: {fileID: 173242}
  m_Enabled: 1
  m_CastShadows: 1
  m_ReceiveShadows: 1
  m_MotionVectors: 1
  m_LightProbeUsage: 1
  m_ReflectionProbeUsage: 1
  m_Materials:
  - {fileID: 2100000, guid: 80882983fde5844f2b3723a7cadf1f16, type: 2}
  m_SubsetIndices: 
  m_StaticBatchRoot: {fileID: 0}
  m_ProbeAnchor: {fileID: 0}
  m_LightProbeVolumeOverride: {fileID: 0}
  m_ScaleInLightmap: 1
  m_PreserveUVs: 0
  m_IgnoreNormalsForChartDetection: 0
  m_ImportantGI: 0
  m_SelectedWireframeHidden: 0
  m_MinimumChartSize: 4
  m_AutoUVMaxDistance: 0.5
  m_AutoUVMaxAngle: 89
  m_LightmapParameters: {fileID: 0}
  m_SortingLayerID: 0
  m_SortingOrder: 0
  serializedVersion: 2
  m_Quality: 0
  m_UpdateWhenOffscreen: 0
  m_SkinnedMotionVectors: 1
  m_Mesh: {fileID: 4300004, guid: c6dfab70376a646e28b9cb4305738f20, type: 3}
  m_Bones:
  - {fileID: 488018}
  - {fileID: 453830}
  m_BlendShapeWeights: []
  m_RootBone: {fileID: 488018}
  m_AABB:
    m_Center: {x: -0.27614298, y: -0.01467219, z: -0.20016053}
    m_Extent: {x: 0.09949408, y: 0.17984568, z: 0.093723156}
  m_DirtyAABB: 0
--- !u!1001 &100100000
Prefab:
  m_ObjectHideFlags: 1
  serializedVersion: 2
  m_Modification:
    m_TransformParent: {fileID: 0}
    m_Modifications: []
    m_RemovedComponents: []
  m_ParentPrefab: {fileID: 0}
  m_RootGameObject: {fileID: 130348}
  m_IsPrefabParent: 1
