%YAML 1.1
%TAG !u! tag:unity3d.com,2011:
--- !u!1001 &100100000
Prefab:
  m_ObjectHideFlags: 1
  serializedVersion: 2
  m_Modification:
    m_TransformParent: {fileID: 0}
    m_Modifications: []
    m_RemovedComponents: []
  m_ParentPrefab: {fileID: 0}
  m_RootGameObject: {fileID: 1000014197223908}
  m_IsPrefabParent: 1
--- !u!1 &1000010081584374
GameObject:
  m_ObjectHideFlags: 0
  m_PrefabParentObject: {fileID: 0}
  m_PrefabInternal: {fileID: 100100000}
  serializedVersion: 4
  m_Component:
  - 4: {fileID: 4000010165143254}
  - 137: {fileID: 137000011318129020}
  m_Layer: 0
  m_Name: Body
  m_TagString: Untagged
  m_Icon: {fileID: 0}
  m_NavMeshLayer: 0
  m_StaticEditorFlags: 0
  m_IsActive: 1
--- !u!1 &1000010130411490
GameObject:
  m_ObjectHideFlags: 1
  m_PrefabParentObject: {fileID: 0}
  m_PrefabInternal: {fileID: 100100000}
  serializedVersion: 4
  m_Component:
  - 4: {fileID: 4000011763725502}
  m_Layer: 0
  m_Name: L_Elbow
  m_TagString: Untagged
  m_Icon: {fileID: 0}
  m_NavMeshLayer: 0
  m_StaticEditorFlags: 0
  m_IsActive: 1
--- !u!1 &1000010247737556
GameObject:
  m_ObjectHideFlags: 0
  m_PrefabParentObject: {fileID: 0}
  m_PrefabInternal: {fileID: 100100000}
  serializedVersion: 4
  m_Component:
  - 4: {fileID: 4000014293216676}
  m_Layer: 0
  m_Name: R_LegCont
  m_TagString: Untagged
  m_Icon: {fileID: 0}
  m_NavMeshLayer: 0
  m_StaticEditorFlags: 0
  m_IsActive: 1
--- !u!1 &1000010392893426
GameObject:
  m_ObjectHideFlags: 1
  m_PrefabParentObject: {fileID: 0}
  m_PrefabInternal: {fileID: 100100000}
  serializedVersion: 4
  m_Component:
  - 4: {fileID: 4000014228309090}
  m_Layer: 0
  m_Name: Base
  m_TagString: Untagged
  m_Icon: {fileID: 0}
  m_NavMeshLayer: 0
  m_StaticEditorFlags: 0
  m_IsActive: 1
--- !u!1 &1000010702343452
GameObject:
  m_ObjectHideFlags: 1
  m_PrefabParentObject: {fileID: 0}
  m_PrefabInternal: {fileID: 100100000}
  serializedVersion: 4
  m_Component:
  - 4: {fileID: 4000012584731184}
  m_Layer: 0
  m_Name: Spine1
  m_TagString: Untagged
  m_Icon: {fileID: 0}
  m_NavMeshLayer: 0
  m_StaticEditorFlags: 0
  m_IsActive: 1
--- !u!1 &1000010747539722
GameObject:
  m_ObjectHideFlags: 1
  m_PrefabParentObject: {fileID: 0}
  m_PrefabInternal: {fileID: 100100000}
  serializedVersion: 4
  m_Component:
  - 4: {fileID: 4000014058575886}
  m_Layer: 0
  m_Name: Tail04
  m_TagString: Untagged
  m_Icon: {fileID: 0}
  m_NavMeshLayer: 0
  m_StaticEditorFlags: 0
  m_IsActive: 1
--- !u!1 &1000010762215366
GameObject:
  m_ObjectHideFlags: 1
  m_PrefabParentObject: {fileID: 0}
  m_PrefabInternal: {fileID: 100100000}
  serializedVersion: 4
  m_Component:
  - 4: {fileID: 4000013037043426}
  m_Layer: 0
  m_Name: L_Arm
  m_TagString: Untagged
  m_Icon: {fileID: 0}
  m_NavMeshLayer: 0
  m_StaticEditorFlags: 0
  m_IsActive: 1
--- !u!1 &1000010937930014
GameObject:
  m_ObjectHideFlags: 0
  m_PrefabParentObject: {fileID: 0}
  m_PrefabInternal: {fileID: 100100000}
  serializedVersion: 4
  m_Component:
  - 4: {fileID: 4000012936755452}
  m_Layer: 0
  m_Name: Root
  m_TagString: Untagged
  m_Icon: {fileID: 0}
  m_NavMeshLayer: 0
  m_StaticEditorFlags: 0
  m_IsActive: 1
--- !u!1 &1000010977099270
GameObject:
  m_ObjectHideFlags: 1
  m_PrefabParentObject: {fileID: 0}
  m_PrefabInternal: {fileID: 100100000}
  serializedVersion: 4
  m_Component:
  - 4: {fileID: 4000013776813636}
  m_Layer: 0
  m_Name: R_Elbow
  m_TagString: Untagged
  m_Icon: {fileID: 0}
  m_NavMeshLayer: 0
  m_StaticEditorFlags: 0
  m_IsActive: 1
--- !u!1 &1000011069063922
GameObject:
  m_ObjectHideFlags: 1
  m_PrefabParentObject: {fileID: 0}
  m_PrefabInternal: {fileID: 100100000}
  serializedVersion: 4
  m_Component:
  - 4: {fileID: 4000010247175070}
  m_Layer: 0
  m_Name: Spine4
  m_TagString: Untagged
  m_Icon: {fileID: 0}
  m_NavMeshLayer: 0
  m_StaticEditorFlags: 0
  m_IsActive: 1
--- !u!1 &1000011328220432
GameObject:
  m_ObjectHideFlags: 1
  m_PrefabParentObject: {fileID: 0}
  m_PrefabInternal: {fileID: 100100000}
  serializedVersion: 4
  m_Component:
  - 4: {fileID: 4000013843768018}
  m_Layer: 0
  m_Name: Neck
  m_TagString: Untagged
  m_Icon: {fileID: 0}
  m_NavMeshLayer: 0
  m_StaticEditorFlags: 0
  m_IsActive: 1
--- !u!1 &1000011611901610
GameObject:
  m_ObjectHideFlags: 1
  m_PrefabParentObject: {fileID: 0}
  m_PrefabInternal: {fileID: 100100000}
  serializedVersion: 4
  m_Component:
  - 4: {fileID: 4000013643110732}
  m_Layer: 0
  m_Name: Spine2
  m_TagString: Untagged
  m_Icon: {fileID: 0}
  m_NavMeshLayer: 0
  m_StaticEditorFlags: 0
  m_IsActive: 1
--- !u!1 &1000011755259538
GameObject:
  m_ObjectHideFlags: 1
  m_PrefabParentObject: {fileID: 0}
  m_PrefabInternal: {fileID: 100100000}
  serializedVersion: 4
  m_Component:
  - 4: {fileID: 4000011159069184}
  m_Layer: 0
  m_Name: L_Leg
  m_TagString: Untagged
  m_Icon: {fileID: 0}
  m_NavMeshLayer: 0
  m_StaticEditorFlags: 0
  m_IsActive: 1
--- !u!1 &1000011816038848
GameObject:
  m_ObjectHideFlags: 1
  m_PrefabParentObject: {fileID: 0}
  m_PrefabInternal: {fileID: 100100000}
  serializedVersion: 4
  m_Component:
  - 4: {fileID: 4000010909306342}
  m_Layer: 0
  m_Name: Tail02
  m_TagString: Untagged
  m_Icon: {fileID: 0}
  m_NavMeshLayer: 0
  m_StaticEditorFlags: 0
  m_IsActive: 1
--- !u!1 &1000012027596424
GameObject:
  m_ObjectHideFlags: 0
  m_PrefabParentObject: {fileID: 0}
  m_PrefabInternal: {fileID: 100100000}
  serializedVersion: 4
  m_Component:
  - 4: {fileID: 4000011629960422}
  - 137: {fileID: 137000010874652908}
  m_Layer: 0
  m_Name: Hair
  m_TagString: Untagged
  m_Icon: {fileID: 0}
  m_NavMeshLayer: 0
  m_StaticEditorFlags: 0
  m_IsActive: 1
--- !u!1 &1000012099524312
GameObject:
  m_ObjectHideFlags: 0
  m_PrefabParentObject: {fileID: 0}
  m_PrefabInternal: {fileID: 100100000}
  serializedVersion: 4
  m_Component:
  - 4: {fileID: 4000012923785220}
  m_Layer: 0
  m_Name: L_LegCont
  m_TagString: Untagged
  m_Icon: {fileID: 0}
  m_NavMeshLayer: 0
  m_StaticEditorFlags: 0
  m_IsActive: 1
--- !u!1 &1000012443845836
GameObject:
  m_ObjectHideFlags: 1
  m_PrefabParentObject: {fileID: 0}
  m_PrefabInternal: {fileID: 100100000}
  serializedVersion: 4
  m_Component:
  - 4: {fileID: 4000011321844690}
  m_Layer: 0
  m_Name: R_Arm
  m_TagString: Untagged
  m_Icon: {fileID: 0}
  m_NavMeshLayer: 0
  m_StaticEditorFlags: 0
  m_IsActive: 1
--- !u!1 &1000012588617030
GameObject:
  m_ObjectHideFlags: 1
  m_PrefabParentObject: {fileID: 0}
  m_PrefabInternal: {fileID: 100100000}
  serializedVersion: 4
  m_Component:
  - 4: {fileID: 4000012190195688}
  m_Layer: 0
  m_Name: ikHandle1
  m_TagString: Untagged
  m_Icon: {fileID: 0}
  m_NavMeshLayer: 0
  m_StaticEditorFlags: 0
  m_IsActive: 1
--- !u!1 &1000012710724452
GameObject:
  m_ObjectHideFlags: 1
  m_PrefabParentObject: {fileID: 0}
  m_PrefabInternal: {fileID: 100100000}
  serializedVersion: 4
  m_Component:
  - 4: {fileID: 4000012431333150}
  m_Layer: 0
  m_Name: R_Leg
  m_TagString: Untagged
  m_Icon: {fileID: 0}
  m_NavMeshLayer: 0
  m_StaticEditorFlags: 0
  m_IsActive: 1
--- !u!1 &1000012832965490
GameObject:
  m_ObjectHideFlags: 1
  m_PrefabParentObject: {fileID: 0}
  m_PrefabInternal: {fileID: 100100000}
  serializedVersion: 4
  m_Component:
  - 4: {fileID: 4000012715879110}
  m_Layer: 0
  m_Name: R_Knee
  m_TagString: Untagged
  m_Icon: {fileID: 0}
  m_NavMeshLayer: 0
  m_StaticEditorFlags: 0
  m_IsActive: 1
--- !u!1 &1000012965632552
GameObject:
  m_ObjectHideFlags: 1
  m_PrefabParentObject: {fileID: 0}
  m_PrefabInternal: {fileID: 100100000}
  serializedVersion: 4
  m_Component:
  - 4: {fileID: 4000014145804536}
  m_Layer: 0
  m_Name: Spine5
  m_TagString: Untagged
  m_Icon: {fileID: 0}
  m_NavMeshLayer: 0
  m_StaticEditorFlags: 0
  m_IsActive: 1
--- !u!1 &1000012992950420
GameObject:
  m_ObjectHideFlags: 1
  m_PrefabParentObject: {fileID: 0}
  m_PrefabInternal: {fileID: 100100000}
  serializedVersion: 4
  m_Component:
  - 4: {fileID: 4000013060274028}
  m_Layer: 0
  m_Name: Tail03
  m_TagString: Untagged
  m_Icon: {fileID: 0}
  m_NavMeshLayer: 0
  m_StaticEditorFlags: 0
  m_IsActive: 1
--- !u!1 &1000013050421474
GameObject:
  m_ObjectHideFlags: 1
  m_PrefabParentObject: {fileID: 0}
  m_PrefabInternal: {fileID: 100100000}
  serializedVersion: 4
  m_Component:
  - 4: {fileID: 4000012804674406}
  m_Layer: 0
  m_Name: L_Knee
  m_TagString: Untagged
  m_Icon: {fileID: 0}
  m_NavMeshLayer: 0
  m_StaticEditorFlags: 0
  m_IsActive: 1
--- !u!1 &1000013180644440
GameObject:
  m_ObjectHideFlags: 1
  m_PrefabParentObject: {fileID: 0}
  m_PrefabInternal: {fileID: 100100000}
  serializedVersion: 4
  m_Component:
  - 4: {fileID: 4000011938462238}
  m_Layer: 0
  m_Name: Spine3
  m_TagString: Untagged
  m_Icon: {fileID: 0}
  m_NavMeshLayer: 0
  m_StaticEditorFlags: 0
  m_IsActive: 1
--- !u!1 &1000013388286732
GameObject:
  m_ObjectHideFlags: 1
  m_PrefabParentObject: {fileID: 0}
  m_PrefabInternal: {fileID: 100100000}
  serializedVersion: 4
  m_Component:
  - 4: {fileID: 4000011556351618}
  m_Layer: 0
  m_Name: L_Foot
  m_TagString: Untagged
  m_Icon: {fileID: 0}
  m_NavMeshLayer: 0
  m_StaticEditorFlags: 0
  m_IsActive: 1
--- !u!1 &1000013405783594
GameObject:
  m_ObjectHideFlags: 1
  m_PrefabParentObject: {fileID: 0}
  m_PrefabInternal: {fileID: 100100000}
  serializedVersion: 4
  m_Component:
  - 4: {fileID: 4000012041818538}
  m_Layer: 0
  m_Name: ikHandle2
  m_TagString: Untagged
  m_Icon: {fileID: 0}
  m_NavMeshLayer: 0
  m_StaticEditorFlags: 0
  m_IsActive: 1
--- !u!1 &1000013766444106
GameObject:
  m_ObjectHideFlags: 1
  m_PrefabParentObject: {fileID: 0}
  m_PrefabInternal: {fileID: 100100000}
  serializedVersion: 4
  m_Component:
  - 4: {fileID: 4000011946953414}
  m_Layer: 0
  m_Name: R_Foot
  m_TagString: Untagged
  m_Icon: {fileID: 0}
  m_NavMeshLayer: 0
  m_StaticEditorFlags: 0
  m_IsActive: 1
--- !u!1 &1000014011890852
GameObject:
  m_ObjectHideFlags: 0
  m_PrefabParentObject: {fileID: 0}
  m_PrefabInternal: {fileID: 100100000}
  serializedVersion: 4
  m_Component:
  - 4: {fileID: 4000012884043750}
  - 137: {fileID: 137000010700586594}
  m_Layer: 0
  m_Name: Eyes
  m_TagString: Untagged
  m_Icon: {fileID: 0}
  m_NavMeshLayer: 0
  m_StaticEditorFlags: 0
  m_IsActive: 1
--- !u!1 &1000014197223908
GameObject:
  m_ObjectHideFlags: 0
  m_PrefabParentObject: {fileID: 0}
  m_PrefabInternal: {fileID: 100100000}
  serializedVersion: 4
  m_Component:
  - 4: {fileID: 4000010228277390}
  - 95: {fileID: 95000011268088960}
  - 65: {fileID: 65000010886518616}
  - 54: {fileID: 54000011435280368}
  - 114: {fileID: 114000011365826942}
  m_Layer: 0
  m_Name: RoidCat
  m_TagString: Untagged
  m_Icon: {fileID: 0}
  m_NavMeshLayer: 0
  m_StaticEditorFlags: 0
  m_IsActive: 1
--- !u!1 &1000014246880292
GameObject:
  m_ObjectHideFlags: 1
  m_PrefabParentObject: {fileID: 0}
  m_PrefabInternal: {fileID: 100100000}
  serializedVersion: 4
  m_Component:
  - 4: {fileID: 4000013885951034}
  m_Layer: 0
  m_Name: Tail01
  m_TagString: Untagged
  m_Icon: {fileID: 0}
  m_NavMeshLayer: 0
  m_StaticEditorFlags: 0
  m_IsActive: 1
--- !u!4 &4000010165143254
Transform:
  m_ObjectHideFlags: 1
  m_PrefabParentObject: {fileID: 0}
  m_PrefabInternal: {fileID: 100100000}
  m_GameObject: {fileID: 1000010081584374}
  m_LocalRotation: {x: 0, y: -0, z: -0, w: 1}
  m_LocalPosition: {x: -0, y: 0, z: 0}
  m_LocalScale: {x: 1, y: 1, z: 1}
  m_LocalEulerAnglesHint: {x: 0, y: 0, z: 0}
  m_Children: []
  m_Father: {fileID: 4000010228277390}
  m_RootOrder: 0
--- !u!4 &4000010228277390
Transform:
  m_ObjectHideFlags: 1
  m_PrefabParentObject: {fileID: 0}
  m_PrefabInternal: {fileID: 100100000}
  m_GameObject: {fileID: 1000014197223908}
  m_LocalRotation: {x: 0, y: 0, z: 0, w: 1}
  m_LocalPosition: {x: 0, y: 0, z: 0}
  m_LocalScale: {x: 1, y: 1, z: 1}
  m_LocalEulerAnglesHint: {x: 0, y: 0, z: 0}
  m_Children:
  - {fileID: 4000010165143254}
  - {fileID: 4000012884043750}
  - {fileID: 4000011629960422}
  - {fileID: 4000012923785220}
  - {fileID: 4000014293216676}
  - {fileID: 4000012936755452}
  m_Father: {fileID: 0}
  m_RootOrder: 0
--- !u!4 &4000010247175070
Transform:
  m_ObjectHideFlags: 1
  m_PrefabParentObject: {fileID: 0}
  m_PrefabInternal: {fileID: 100100000}
  m_GameObject: {fileID: 1000011069063922}
  m_LocalRotation: {x: -0.0033468062, y: -0.014041584, z: 0.006549657, w: 0.99987435}
  m_LocalPosition: {x: -0.12919544, y: -0.000045306402, z: -0.06031415}
  m_LocalScale: {x: 1, y: 1, z: 1}
  m_LocalEulerAnglesHint: {x: 0, y: 0, z: 0}
  m_Children:
  - {fileID: 4000013037043426}
  - {fileID: 4000011321844690}
  - {fileID: 4000014145804536}
  m_Father: {fileID: 4000011938462238}
  m_RootOrder: 0
--- !u!4 &4000010909306342
Transform:
  m_ObjectHideFlags: 1
  m_PrefabParentObject: {fileID: 0}
  m_PrefabInternal: {fileID: 100100000}
  m_GameObject: {fileID: 1000011816038848}
  m_LocalRotation: {x: 0.00870671, y: -0.0062561086, z: -0.39309978, w: 0.91943336}
  m_LocalPosition: {x: -0.077805415, y: 1.3145041e-15, z: 0.049862437}
  m_LocalScale: {x: 1, y: 1, z: 1}
  m_LocalEulerAnglesHint: {x: 0, y: 0, z: 0}
  m_Children:
  - {fileID: 4000013060274028}
  m_Father: {fileID: 4000013885951034}
  m_RootOrder: 0
--- !u!4 &4000011159069184
Transform:
  m_ObjectHideFlags: 1
  m_PrefabParentObject: {fileID: 0}
  m_PrefabInternal: {fileID: 100100000}
  m_GameObject: {fileID: 1000011755259538}
  m_LocalRotation: {x: -0.566811, y: 0.0984805, z: -0.061321717, w: 0.8156387}
  m_LocalPosition: {x: 0.06923763, y: -0.08712219, z: 0.019818574}
  m_LocalScale: {x: 1, y: 1, z: 1}
  m_LocalEulerAnglesHint: {x: 0, y: 0, z: 0}
  m_Children:
  - {fileID: 4000012804674406}
  m_Father: {fileID: 4000014228309090}
  m_RootOrder: 0
--- !u!4 &4000011321844690
Transform:
  m_ObjectHideFlags: 1
  m_PrefabParentObject: {fileID: 0}
  m_PrefabInternal: {fileID: 100100000}
  m_GameObject: {fileID: 1000012443845836}
  m_LocalRotation: {x: 0.6752911, y: -0.36366594, z: -0.45254976, w: -0.45489305}
  m_LocalPosition: {x: -0.03293712, y: 0.20259942, z: 0.11341312}
  m_LocalScale: {x: 1, y: 1, z: 1}
  m_LocalEulerAnglesHint: {x: 0, y: 0, z: 0}
  m_Children:
  - {fileID: 4000013776813636}
  m_Father: {fileID: 4000010247175070}
  m_RootOrder: 1
--- !u!4 &4000011556351618
Transform:
  m_ObjectHideFlags: 1
  m_PrefabParentObject: {fileID: 0}
  m_PrefabInternal: {fileID: 100100000}
  m_GameObject: {fileID: 1000013388286732}
  m_LocalRotation: {x: 0.4937905, y: -0.5061334, z: -0.4937905, w: 0.5061334}
  m_LocalPosition: {x: -0.017016454, y: -0.087171316, z: -0.012129213}
  m_LocalScale: {x: 1, y: 1, z: 1}
  m_LocalEulerAnglesHint: {x: 0, y: 0, z: 0}
  m_Children: []
  m_Father: {fileID: 4000012804674406}
  m_RootOrder: 0
--- !u!4 &4000011629960422
Transform:
  m_ObjectHideFlags: 1
  m_PrefabParentObject: {fileID: 0}
  m_PrefabInternal: {fileID: 100100000}
  m_GameObject: {fileID: 1000012027596424}
  m_LocalRotation: {x: 0, y: -0, z: -0, w: 1}
  m_LocalPosition: {x: -0, y: 0, z: 0}
  m_LocalScale: {x: 1, y: 1, z: 1}
  m_LocalEulerAnglesHint: {x: 0, y: 0, z: 0}
  m_Children: []
  m_Father: {fileID: 4000010228277390}
  m_RootOrder: 2
--- !u!4 &4000011763725502
Transform:
  m_ObjectHideFlags: 1
  m_PrefabParentObject: {fileID: 0}
  m_PrefabInternal: {fileID: 100100000}
  m_GameObject: {fileID: 1000010130411490}
  m_LocalRotation: {x: -0.047373075, y: 0.9865307, z: 0.017182076, w: 0.1556202}
  m_LocalPosition: {x: -0.1651258, y: -0.025185263, z: 0.0506295}
  m_LocalScale: {x: 1, y: 1, z: 1}
  m_LocalEulerAnglesHint: {x: 0, y: 0, z: 0}
  m_Children: []
  m_Father: {fileID: 4000013037043426}
  m_RootOrder: 0
--- !u!4 &4000011938462238
Transform:
  m_ObjectHideFlags: 1
  m_PrefabParentObject: {fileID: 0}
  m_PrefabInternal: {fileID: 100100000}
  m_GameObject: {fileID: 1000013180644440}
  m_LocalRotation: {x: 0.000328771, y: 0.14041731, z: -0.0023181813, w: 0.99008965}
  m_LocalPosition: {x: -0.08665829, y: 3.330669e-18, z: -0.041004032}
  m_LocalScale: {x: 1, y: 1, z: 1}
  m_LocalEulerAnglesHint: {x: 0, y: 0, z: 0}
  m_Children:
  - {fileID: 4000010247175070}
  m_Father: {fileID: 4000013643110732}
  m_RootOrder: 0
--- !u!4 &4000011946953414
Transform:
  m_ObjectHideFlags: 1
  m_PrefabParentObject: {fileID: 0}
  m_PrefabInternal: {fileID: 100100000}
  m_GameObject: {fileID: 1000013766444106}
  m_LocalRotation: {x: 0.9653901, y: -0.2608103, z: 1.5970024e-17, w: -5.911309e-17}
  m_LocalPosition: {x: 0.072460644, y: -0.047633857, z: -0.02195509}
  m_LocalScale: {x: 1, y: 1, z: 1}
  m_LocalEulerAnglesHint: {x: 0, y: 0, z: 0}
  m_Children: []
  m_Father: {fileID: 4000012715879110}
  m_RootOrder: 0
--- !u!4 &4000012041818538
Transform:
  m_ObjectHideFlags: 1
  m_PrefabParentObject: {fileID: 0}
  m_PrefabInternal: {fileID: 100100000}
  m_GameObject: {fileID: 1000013405783594}
  m_LocalRotation: {x: 0, y: -0, z: -0, w: 1}
  m_LocalPosition: {x: 0.00003708601, y: 0.0008438396, z: 0.00008076667}
  m_LocalScale: {x: 1, y: 1, z: 1}
  m_LocalEulerAnglesHint: {x: 0, y: 0, z: 0}
  m_Children: []
  m_Father: {fileID: 4000012923785220}
  m_RootOrder: 0
--- !u!4 &4000012190195688
Transform:
  m_ObjectHideFlags: 1
  m_PrefabParentObject: {fileID: 0}
  m_PrefabInternal: {fileID: 100100000}
  m_GameObject: {fileID: 1000012588617030}
  m_LocalRotation: {x: 0, y: -0, z: -0, w: 1}
  m_LocalPosition: {x: -0.00018766522, y: 0.00018209933, z: 0.0010453891}
  m_LocalScale: {x: 1, y: 1, z: 1}
  m_LocalEulerAnglesHint: {x: 0, y: 0, z: 0}
  m_Children: []
  m_Father: {fileID: 4000014293216676}
  m_RootOrder: 0
--- !u!4 &4000012431333150
Transform:
  m_ObjectHideFlags: 1
  m_PrefabParentObject: {fileID: 0}
  m_PrefabInternal: {fileID: 100100000}
  m_GameObject: {fileID: 1000012710724452}
  m_LocalRotation: {x: -0.75516045, y: 0.011285254, z: 0.009555155, w: 0.6553732}
  m_LocalPosition: {x: 0.08032878, y: 0.07261511, z: 0.019818574}
  m_LocalScale: {x: 1, y: 1, z: 1}
  m_LocalEulerAnglesHint: {x: 0, y: 0, z: 0}
  m_Children:
  - {fileID: 4000012715879110}
  m_Father: {fileID: 4000014228309090}
  m_RootOrder: 1
--- !u!4 &4000012584731184
Transform:
  m_ObjectHideFlags: 1
  m_PrefabParentObject: {fileID: 0}
  m_PrefabInternal: {fileID: 100100000}
  m_GameObject: {fileID: 1000010702343452}
  m_LocalRotation: {x: 0.98193604, y: -0.04051112, z: -0.18468995, w: -0.0070740893}
  m_LocalPosition: {x: -0.061327286, y: 0.0034590838, z: -0.0005139615}
  m_LocalScale: {x: 1, y: 1, z: 1}
  m_LocalEulerAnglesHint: {x: 0, y: 0, z: 0}
  m_Children:
  - {fileID: 4000013643110732}
  m_Father: {fileID: 4000014228309090}
  m_RootOrder: 2
--- !u!4 &4000012715879110
Transform:
  m_ObjectHideFlags: 1
  m_PrefabParentObject: {fileID: 0}
  m_PrefabInternal: {fileID: 100100000}
  m_GameObject: {fileID: 1000012832965490}
  m_LocalRotation: {x: 0.94189864, y: 0.014012292, z: 0.16314796, w: 0.29328036}
  m_LocalPosition: {x: 0.019136505, y: -0.061451923, z: -0.012677316}
  m_LocalScale: {x: 1, y: 1, z: 1}
  m_LocalEulerAnglesHint: {x: 0, y: 0, z: 0}
  m_Children:
  - {fileID: 4000011946953414}
  m_Father: {fileID: 4000012431333150}
  m_RootOrder: 0
--- !u!4 &4000012804674406
Transform:
  m_ObjectHideFlags: 1
  m_PrefabParentObject: {fileID: 0}
  m_PrefabInternal: {fileID: 100100000}
  m_GameObject: {fileID: 1000013050421474}
  m_LocalRotation: {x: -0.106547765, y: 0.0074090376, z: 0.9432989, w: 0.31429285}
  m_LocalPosition: {x: 0.015221537, y: -0.061740033, z: 0.013811193}
  m_LocalScale: {x: 1, y: 1, z: 1}
  m_LocalEulerAnglesHint: {x: 0, y: 0, z: 0}
  m_Children:
  - {fileID: 4000011556351618}
  m_Father: {fileID: 4000011159069184}
  m_RootOrder: 0
--- !u!4 &4000012884043750
Transform:
  m_ObjectHideFlags: 1
  m_PrefabParentObject: {fileID: 0}
  m_PrefabInternal: {fileID: 100100000}
  m_GameObject: {fileID: 1000014011890852}
  m_LocalRotation: {x: 0, y: -0, z: -0, w: 1}
  m_LocalPosition: {x: -0, y: 0, z: 0}
  m_LocalScale: {x: 1, y: 1, z: 1}
  m_LocalEulerAnglesHint: {x: 0, y: 0, z: 0}
  m_Children: []
  m_Father: {fileID: 4000010228277390}
  m_RootOrder: 1
--- !u!4 &4000012923785220
Transform:
  m_ObjectHideFlags: 1
  m_PrefabParentObject: {fileID: 0}
  m_PrefabInternal: {fileID: 100100000}
  m_GameObject: {fileID: 1000012099524312}
  m_LocalRotation: {x: 0, y: -0, z: -0, w: 1}
  m_LocalPosition: {x: -0.018390821, y: 0.010510766, z: -0.08426862}
  m_LocalScale: {x: 1, y: 1, z: 1}
  m_LocalEulerAnglesHint: {x: 0, y: 0, z: 0}
  m_Children:
  - {fileID: 4000012041818538}
  m_Father: {fileID: 4000010228277390}
  m_RootOrder: 3
--- !u!4 &4000012936755452
Transform:
  m_ObjectHideFlags: 1
  m_PrefabParentObject: {fileID: 0}
  m_PrefabInternal: {fileID: 100100000}
  m_GameObject: {fileID: 1000010937930014}
  m_LocalRotation: {x: -0.49656388, y: 0.5034127, z: -0.49656388, w: 0.5034127}
  m_LocalPosition: {x: -0.020737506, y: 0.030737545, z: 0.001211548}
  m_LocalScale: {x: 1, y: 1, z: 1}
  m_LocalEulerAnglesHint: {x: 0, y: 0, z: 0}
  m_Children:
  - {fileID: 4000014228309090}
  m_Father: {fileID: 4000010228277390}
  m_RootOrder: 5
--- !u!4 &4000013037043426
Transform:
  m_ObjectHideFlags: 1
  m_PrefabParentObject: {fileID: 0}
  m_PrefabInternal: {fileID: 100100000}
  m_GameObject: {fileID: 1000010762215366}
  m_LocalRotation: {x: -0.47471333, y: 0.42930117, z: 0.34839398, w: 0.6848135}
  m_LocalPosition: {x: -0.05242602, y: -0.20637609, z: 0.11341312}
  m_LocalScale: {x: 1, y: 1, z: 1}
  m_LocalEulerAnglesHint: {x: 0, y: 0, z: 0}
  m_Children:
  - {fileID: 4000011763725502}
  m_Father: {fileID: 4000010247175070}
  m_RootOrder: 0
--- !u!4 &4000013060274028
Transform:
  m_ObjectHideFlags: 1
  m_PrefabParentObject: {fileID: 0}
  m_PrefabInternal: {fileID: 100100000}
  m_GameObject: {fileID: 1000012992950420}
  m_LocalRotation: {x: 0.010596047, y: -0.00034025992, z: -0.0009770376, w: 0.9999433}
  m_LocalPosition: {x: -0.06305712, y: 0.007786171, z: 0.098507784}
  m_LocalScale: {x: 1, y: 1, z: 1}
  m_LocalEulerAnglesHint: {x: 0, y: 0, z: 0}
  m_Children:
  - {fileID: 4000014058575886}
  m_Father: {fileID: 4000010909306342}
  m_RootOrder: 0
--- !u!4 &4000013643110732
Transform:
  m_ObjectHideFlags: 1
  m_PrefabParentObject: {fileID: 0}
  m_PrefabInternal: {fileID: 100100000}
  m_GameObject: {fileID: 1000011611901610}
  m_LocalRotation: {x: 0.9833664, y: -0.012931296, z: 0.18116307, w: 0.001830414}
  m_LocalPosition: {x: -0.08779834, y: 8.881784e-18, z: 0.011478108}
  m_LocalScale: {x: 1, y: 1, z: 1}
  m_LocalEulerAnglesHint: {x: 0, y: 0, z: 0}
  m_Children:
  - {fileID: 4000011938462238}
  m_Father: {fileID: 4000012584731184}
  m_RootOrder: 0
--- !u!4 &4000013776813636
Transform:
  m_ObjectHideFlags: 1
  m_PrefabParentObject: {fileID: 0}
  m_PrefabInternal: {fileID: 100100000}
  m_GameObject: {fileID: 1000010977099270}
  m_LocalRotation: {x: -0.044101723, y: 0.9860654, z: -0.027316928, w: -0.15806285}
  m_LocalPosition: {x: -0.16834374, y: -0.016486349, z: -0.050539803}
  m_LocalScale: {x: 1, y: 1, z: 1}
  m_LocalEulerAnglesHint: {x: 0, y: 0, z: 0}
  m_Children: []
  m_Father: {fileID: 4000011321844690}
  m_RootOrder: 0
--- !u!4 &4000013843768018
Transform:
  m_ObjectHideFlags: 1
  m_PrefabParentObject: {fileID: 0}
  m_PrefabInternal: {fileID: 100100000}
  m_GameObject: {fileID: 1000011328220432}
  m_LocalRotation: {x: 0.68395376, y: -0.21337569, z: 0.20777148, w: 0.6659648}
  m_LocalPosition: {x: -0.07373018, y: -0.00015717429, z: -0.09709382}
  m_LocalScale: {x: 1, y: 1, z: 1}
  m_LocalEulerAnglesHint: {x: 0, y: 0, z: 0}
  m_Children: []
  m_Father: {fileID: 4000014145804536}
  m_RootOrder: 0
--- !u!4 &4000013885951034
Transform:
  m_ObjectHideFlags: 1
  m_PrefabParentObject: {fileID: 0}
  m_PrefabInternal: {fileID: 100100000}
  m_GameObject: {fileID: 1000014246880292}
  m_LocalRotation: {x: 0.4941436, y: -0.51565427, z: 0.47527507, w: 0.5138447}
  m_LocalPosition: {x: 0.058895368, y: -0.0058426666, z: -0.08364587}
  m_LocalScale: {x: 1, y: 1, z: 1}
  m_LocalEulerAnglesHint: {x: 0, y: 0, z: 0}
  m_Children:
  - {fileID: 4000010909306342}
  m_Father: {fileID: 4000014228309090}
  m_RootOrder: 3
--- !u!4 &4000014058575886
Transform:
  m_ObjectHideFlags: 1
  m_PrefabParentObject: {fileID: 0}
  m_PrefabInternal: {fileID: 100100000}
  m_GameObject: {fileID: 1000010747539722}
  m_LocalRotation: {x: -0.38707268, y: 0.9219825, z: 0.011067181, w: 0.0007734817}
  m_LocalPosition: {x: -0.04029645, y: -0.0016665094, z: 0.057770513}
  m_LocalScale: {x: 1, y: 1, z: 1}
  m_LocalEulerAnglesHint: {x: 0, y: 0, z: 0}
  m_Children: []
  m_Father: {fileID: 4000013060274028}
  m_RootOrder: 0
--- !u!4 &4000014145804536
Transform:
  m_ObjectHideFlags: 1
  m_PrefabParentObject: {fileID: 0}
  m_PrefabInternal: {fileID: 100100000}
  m_GameObject: {fileID: 1000012965632552}
  m_LocalRotation: {x: 0.98786175, y: -0.017726673, z: 0.15431945, w: 0.0007114642}
  m_LocalPosition: {x: -0.14459555, y: -0.00015974253, z: 0.014852159}
  m_LocalScale: {x: 1, y: 1, z: 1}
  m_LocalEulerAnglesHint: {x: 0, y: 0, z: 0}
  m_Children:
  - {fileID: 4000013843768018}
  m_Father: {fileID: 4000010247175070}
  m_RootOrder: 2
--- !u!4 &4000014228309090
Transform:
  m_ObjectHideFlags: 1
  m_PrefabParentObject: {fileID: 0}
  m_PrefabInternal: {fileID: 100100000}
  m_GameObject: {fileID: 1000010392893426}
  m_LocalRotation: {x: 0.9991386, y: -0.041498207, z: -2.5410323e-18, w: 6.1179595e-17}
  m_LocalPosition: {x: -0.13898262, y: 0.0016422938, z: 0.020737506}
  m_LocalScale: {x: 1, y: 1, z: 1}
  m_LocalEulerAnglesHint: {x: 0, y: 0, z: 0}
  m_Children:
  - {fileID: 4000011159069184}
  - {fileID: 4000012431333150}
  - {fileID: 4000012584731184}
  - {fileID: 4000013885951034}
  m_Father: {fileID: 4000012936755452}
  m_RootOrder: 0
--- !u!4 &4000014293216676
Transform:
  m_ObjectHideFlags: 1
  m_PrefabParentObject: {fileID: 0}
  m_PrefabInternal: {fileID: 100100000}
  m_GameObject: {fileID: 1000010247737556}
  m_LocalRotation: {x: 0, y: -0, z: -0, w: 1}
  m_LocalPosition: {x: -0.018390821, y: 0.010510766, z: 0.083517976}
  m_LocalScale: {x: 1, y: 1, z: 1}
  m_LocalEulerAnglesHint: {x: 0, y: 0, z: 0}
  m_Children:
  - {fileID: 4000012190195688}
  m_Father: {fileID: 4000010228277390}
  m_RootOrder: 4
--- !u!54 &54000011435280368
Rigidbody:
  m_ObjectHideFlags: 1
  m_PrefabParentObject: {fileID: 0}
  m_PrefabInternal: {fileID: 100100000}
  m_GameObject: {fileID: 1000014197223908}
  serializedVersion: 2
  m_Mass: 1
  m_Drag: 0
  m_AngularDrag: 0.05
  m_UseGravity: 1
  m_IsKinematic: 0
  m_Interpolate: 0
  m_Constraints: 112
  m_CollisionDetection: 0
--- !u!65 &65000010886518616
BoxCollider:
  m_ObjectHideFlags: 1
  m_PrefabParentObject: {fileID: 0}
  m_PrefabInternal: {fileID: 100100000}
  m_GameObject: {fileID: 1000014197223908}
  m_Material: {fileID: 0}
  m_IsTrigger: 0
  m_Enabled: 1
  serializedVersion: 2
  m_Size: {x: 0.434303, y: 0.68496656, z: 0.6158214}
  m_Center: {x: -0.14133716, y: 0.34763885, z: -0.016622514}
--- !u!95 &95000011268088960
Animator:
  serializedVersion: 3
  m_ObjectHideFlags: 1
  m_PrefabParentObject: {fileID: 0}
  m_PrefabInternal: {fileID: 100100000}
  m_GameObject: {fileID: 1000014197223908}
  m_Enabled: 1
  m_Avatar: {fileID: 9000000, guid: 4344a8303973448618adada9fad1880a, type: 3}
  m_Controller: {fileID: 9100000, guid: d6ebf050fc6e34041b91badea26b42ea, type: 2}
  m_CullingMode: 1
  m_UpdateMode: 0
  m_ApplyRootMotion: 0
  m_LinearVelocityBlending: 0
  m_WarningMessage: 
  m_HasTransformHierarchy: 1
  m_AllowConstantClipSamplingOptimization: 1
--- !u!114 &114000011365826942
MonoBehaviour:
  m_ObjectHideFlags: 1
  m_PrefabParentObject: {fileID: 0}
  m_PrefabInternal: {fileID: 100100000}
  m_GameObject: {fileID: 1000014197223908}
  m_Enabled: 1
  m_EditorHideFlags: 0
  m_Script: {fileID: 11500000, guid: a1d590b1aad434a92b29f8c42c4e4d60, type: 3}
  m_Name: 
  m_EditorClassIdentifier: 
  CurrencyParticle: {fileID: 144816, guid: ed079806728cc485784d66d7223f095a, type: 2}
  catSounds:
  - {fileID: 8300000, guid: 5ee2bd0139567ef46a6bbfbff0e9156b, type: 3}
  - {fileID: 8300000, guid: 0911d142f5f2b49458dfd6b350d9de94, type: 3}
  - {fileID: 8300000, guid: f6cb65f2832c336438faee2597ed0cc8, type: 3}
  catHissingSounds:
  - {fileID: 8300000, guid: f987bc33b23ab404a84d6875b0bcf565, type: 3}
  - {fileID: 8300000, guid: 24ad3374943891f4aa6e36349bed7508, type: 3}
  coinSound: {fileID: 8300000, guid: 67088c875772617449b9caeb01d1ddfe, type: 3}
  collisionLayers:
    serializedVersion: 2
    m_Bits: 513
  mergeLayers:
    serializedVersion: 2
    m_Bits: 256
--- !u!137 &137000010700586594
SkinnedMeshRenderer:
  m_ObjectHideFlags: 1
  m_PrefabParentObject: {fileID: 0}
  m_PrefabInternal: {fileID: 100100000}
  m_GameObject: {fileID: 1000014011890852}
  m_Enabled: 1
  m_CastShadows: 1
  m_ReceiveShadows: 1
  m_MotionVectors: 1
  m_LightProbeUsage: 1
  m_ReflectionProbeUsage: 1
  m_Materials:
  - {fileID: 2100000, guid: f2018db8587514d808f63b7192f03cb2, type: 2}
  m_SubsetIndices: 
  m_StaticBatchRoot: {fileID: 0}
  m_ProbeAnchor: {fileID: 0}
  m_LightProbeVolumeOverride: {fileID: 0}
  m_ScaleInLightmap: 1
  m_PreserveUVs: 0
  m_IgnoreNormalsForChartDetection: 0
  m_ImportantGI: 0
  m_SelectedWireframeHidden: 0
  m_MinimumChartSize: 4
  m_AutoUVMaxDistance: 0.5
  m_AutoUVMaxAngle: 89
  m_LightmapParameters: {fileID: 0}
  m_SortingLayerID: 0
  m_SortingOrder: 0
  serializedVersion: 2
  m_Quality: 0
  m_UpdateWhenOffscreen: 0
  m_SkinnedMotionVectors: 1
  m_Mesh: {fileID: 4300000, guid: 4344a8303973448618adada9fad1880a, type: 3}
  m_Bones:
  - {fileID: 4000010247175070}
  - {fileID: 4000014145804536}
  - {fileID: 4000013843768018}
  m_BlendShapeWeights: []
  m_RootBone: {fileID: 4000010247175070}
  m_AABB:
    m_Center: {x: -0.32614288, y: 0.012659267, z: 0.21098647}
    m_Extent: {x: 0.15651327, y: 0.22427532, z: 0.114106305}
  m_DirtyAABB: 0
--- !u!137 &137000010874652908
SkinnedMeshRenderer:
  m_ObjectHideFlags: 1
  m_PrefabParentObject: {fileID: 0}
  m_PrefabInternal: {fileID: 100100000}
  m_GameObject: {fileID: 1000012027596424}
  m_Enabled: 1
  m_CastShadows: 1
  m_ReceiveShadows: 1
  m_MotionVectors: 1
  m_LightProbeUsage: 1
  m_ReflectionProbeUsage: 1
  m_Materials:
  - {fileID: 2100000, guid: 122cbe5cf0a3c439397b377e880a515b, type: 2}
  m_SubsetIndices: 
  m_StaticBatchRoot: {fileID: 0}
  m_ProbeAnchor: {fileID: 0}
  m_LightProbeVolumeOverride: {fileID: 0}
  m_ScaleInLightmap: 1
  m_PreserveUVs: 0
  m_IgnoreNormalsForChartDetection: 0
  m_ImportantGI: 0
  m_SelectedWireframeHidden: 0
  m_MinimumChartSize: 4
  m_AutoUVMaxDistance: 0.5
  m_AutoUVMaxAngle: 89
  m_LightmapParameters: {fileID: 0}
  m_SortingLayerID: 0
  m_SortingOrder: 0
  serializedVersion: 2
  m_Quality: 0
  m_UpdateWhenOffscreen: 0
  m_SkinnedMotionVectors: 1
  m_Mesh: {fileID: 4300004, guid: 4344a8303973448618adada9fad1880a, type: 3}
  m_Bones:
  - {fileID: 4000010247175070}
  - {fileID: 4000014145804536}
  - {fileID: 4000013843768018}
  m_BlendShapeWeights: []
  m_RootBone: {fileID: 4000010247175070}
  m_AABB:
    m_Center: {x: -0.2544052, y: 0.008238867, z: 0.13372648}
    m_Extent: {x: 0.26169288, y: 0.22710042, z: 0.2200113}
  m_DirtyAABB: 0
--- !u!137 &137000011318129020
SkinnedMeshRenderer:
  m_ObjectHideFlags: 1
  m_PrefabParentObject: {fileID: 0}
  m_PrefabInternal: {fileID: 100100000}
  m_GameObject: {fileID: 1000010081584374}
  m_Enabled: 1
  m_CastShadows: 1
  m_ReceiveShadows: 1
  m_MotionVectors: 1
  m_LightProbeUsage: 1
  m_ReflectionProbeUsage: 1
  m_Materials:
  - {fileID: 2100000, guid: 9d6b418971b5249b0819556c24e7e363, type: 2}
  - {fileID: 2100000, guid: 122cbe5cf0a3c439397b377e880a515b, type: 2}
  - {fileID: 2100000, guid: 4ae83f7b4acaf4dc2899ee62e372be08, type: 2}
  - {fileID: 2100000, guid: 78e18ac446f8f4cb093ef567b13bb199, type: 2}
  m_SubsetIndices: 
  m_StaticBatchRoot: {fileID: 0}
  m_ProbeAnchor: {fileID: 0}
  m_LightProbeVolumeOverride: {fileID: 0}
  m_ScaleInLightmap: 1
  m_PreserveUVs: 0
  m_IgnoreNormalsForChartDetection: 0
  m_ImportantGI: 0
  m_SelectedWireframeHidden: 0
  m_MinimumChartSize: 4
  m_AutoUVMaxDistance: 0.5
  m_AutoUVMaxAngle: 89
  m_LightmapParameters: {fileID: 0}
  m_SortingLayerID: 0
  m_SortingOrder: 0
  serializedVersion: 2
  m_Quality: 0
  m_UpdateWhenOffscreen: 0
  m_SkinnedMotionVectors: 1
  m_Mesh: {fileID: 4300002, guid: 4344a8303973448618adada9fad1880a, type: 3}
  m_Bones:
  - {fileID: 4000012936755452}
  - {fileID: 4000014228309090}
  - {fileID: 4000012584731184}
  - {fileID: 4000013643110732}
  - {fileID: 4000011938462238}
  - {fileID: 4000010247175070}
  - {fileID: 4000014145804536}
  - {fileID: 4000013843768018}
  - {fileID: 4000011321844690}
  - {fileID: 4000013776813636}
  - {fileID: 4000013037043426}
  - {fileID: 4000011763725502}
  - {fileID: 4000013885951034}
  - {fileID: 4000010909306342}
  - {fileID: 4000013060274028}
  - {fileID: 4000014058575886}
  - {fileID: 4000012431333150}
  - {fileID: 4000012715879110}
  - {fileID: 4000011946953414}
  - {fileID: 4000011159069184}
  - {fileID: 4000012804674406}
  - {fileID: 4000011556351618}
  m_BlendShapeWeights: []
  m_RootBone: {fileID: 4000012936755452}
  m_AABB:
    m_Center: {x: -0.4063569, y: 0.008246988, z: -0.1929735}
    m_Extent: {x: 0.46466306, y: 0.45582893, z: 0.5017193}
  m_DirtyAABB: 0
